@misc{test,
    author = {{Espressif}},
    title = {PlatformIO},
    url = {https://docs.platformio.org/en/latest/frameworks/espidf.html},
    year = {2022}
}
