@misc{aboutespressif,
    author = {Espressif},
    title = {{About Espressif}},
    howpublished = {\url{https://www.espressif.com/en/company/about-espressif}},
}

@misc{esp32-ds,
    author = {Espressif},
    title = {{ESP32 Series Datasheet}},
    howpublished = {\url{https://www.espressif.com/sites/default/files/documentation/esp32_datasheet_en.pdf}},
    year = {2024},
}

