@misc{test,
    author = {Espressif},
    title = {PlatformIO},
    url = {https://docs.platformio.org/en/latest/frameworks/espidf.html?utm_source=docs.espressif.com#configuration}
}
