@misc{aboutespressif,
    author = {Espressif},
    title = {{About Espressif}},
    howpublished = {\url{https://www.espressif.com/en/company/about-espressif}},
}

@INPROCEEDINGS{noury-2007,
    author={Noury, N. and Fleury, A. and Rumeau, P. and Bourke, A.K. and Laighin, G. O and Rialle, V. and Lundy, J.E.},
    booktitle={2007 29th Annual International Conference of the IEEE Engineering in Medicine and Biology Society},
    title={Fall detection - Principles and Methods},
    year={2007},
    volume={},
    number={},
    pages={1663-1666},
    keywords={Accelerometers;Senior citizens;Acceleration;Public healthcare;Epilepsy;Laboratories;Switches;Monitoring;Gyroscopes;Sensor systems},
    doi={10.1109/IEMBS.2007.4352627}
}

@article{delahoz-2014,
    title={Survey on fall detection and fall prevention using wearable and external sensors},
    author={Delahoz, Yueng Santiago and Labrador, Miguel Angel},
    journal={Sensors},
    volume={14},
    number={10},
    pages={19806--19842},
    year={2014},
    publisher={MDPI},
}

@article{passaro-2017,
    title={Gyroscope technology and applications: A review in the industrial perspective},
    author={Passaro, Vittorio MN and Cuccovillo, Antonello and Vaiani, Lorenzo and De Carlo, Martino and Campanella, Carlo Edoardo},
    journal={Sensors},
    volume={17},
    number={10},
    pages={2284},
    year={2017},
    publisher={MDPI}
}

@inproceedings{sun-2019,
    title={Wearable fall detection system using barometric pressure sensors and machine learning},
    author={Sun, Yingnan and Lo, Frank P-w and Thiemjarus, Surapa and Lo, Benny},
    booktitle={SENSORCOMM 2019: The Thirteenth International Conference on Sensor Technologies and Applications},
    year={2019}
}

@misc{ibm-rd,
    title={What is a relational database?},
    author={IBM},
    howpublished={\url{https://www.ibm.com/topics/relational-databases}},
}

@misc{microsoft-nrd,
    title={Non-relational data and NoSQL},
    author={Microsoft},
    howpublished={\url{https://learn.microsoft.com/en-us/azure/architecture/data-guide/big-data/non-relational-data}},
}

@inproceedings{cintra-2013,
    title={Characterizing the impact of process variation on write endurance enhancing techniques for non-volatile memory systems},
    author={Cintra, Marcelo and Linkewitsch, Niklas},
    booktitle={Proceedings of the ACM SIGMETRICS/international conference on Measurement and modeling of computer systems},
    pages={217--228},
    year={2013},
}

