@misc{aboutespressif,
    author = {Espressif},
    title = {{About Espressif}},
    howpublished = {\url{https://www.espressif.com/en/company/about-espressif}},
}

@misc{esp32-ds,
    author = {Espressif},
    title = {{ESP32 Series Datasheet}},
    howpublished = {\url{https://www.espressif.com/sites/default/files/documentation/esp32_datasheet_en.pdf}},
    year = {2024},
}

@misc{go-mysql-driver,
    title = {{Go MySQL Driver}},
    howpublished = {\url{https://github.com/go-sql-driver/mysql}},
    year = {2024},
}

@misc{github-final-assignment,
    author = {Jochem Arends},
    title = {{Source Code, Final Assignment}},
    howpublished = {\url{https://github.com/jochemarends/project-integration/tree/main/final-assignment}},
    year = {2024},
}
